-------------------------
--- entrees utilisees ---
-------------------------

@misc{stationnement_intelligent_cerema,
  title = {Le stationnement intelligent - Panorama des services d’information à l’usager},
  howpublished = {CEREMA},
}

@article{shaheen_carsharing_2013,
	title = {Carsharing and {Personal} {Vehicle} {Services}: {Worldwide} {Market} {Developments} and {Emerging} {Trends}},
	volume = {7},
	number = {1},
	journal = {International Journal of Sustainable Transportation},
	author = {Shaheen, Susan A. and Cohen, Adam P.},
	month = jan,
	year = {2013},
	pages = {5--34},
}

@misc{statista_carsharingNumbers,
  title = {{Statista}},
  howpublished = {\url{http://www.statista.com/}},
  note = {Accessed March 21, 2016},
}

@article{shaheen_growth_2007,
  title={Growth in worldwide carsharing: An international comparison},
  author={Shaheen, Susan and Cohen, Adam},
  journal={Transportation Research Record: Journal of the Transportation Research Board},
  number={1992},
  pages={81--89},
  year={2007},
  publisher={Transportation Research Board of the National Academies}
}

@article{cousins_theory_2000,
  title={Theory, benchmarking, barriers to carsharing: An alternative vision and history},
  author={Cousins, Steven},
  journal={Journal of World Transport Policy and Practice: Carsharing 2000—Sustainable Transport’s Missing Link},
  pages={44--52},
  year={2000}
}

@article{harms_emergence_1998,
  title={The Emergence of a Nation-wide Carsharing Co-operative in Switzerland},
  author={Harms, Sylvia and Truffer, Bernard},
  journal={A case-study for the EC-supported rsearch project “Strategic Niche Management as a tool for transition to a sustainable transport system”, EAWAG: Z{\"u}rich},
  year={1998}
}

@misc{avem_prixEVs,
  title = {{Voitures électriques disponibles à la vente}},
  howpublished = {\url{http://www.avem.fr/voiture-electrique.html}},
  note = {Accessed March 17, 2016},
}

@misc{autolib_rapport_2014,
  title={Rapport d'activité Autolib’ Metropole},
  howpublished = {\url{http://www.autolibmetropole.fr/}},
  year={2014},  
}

@misc{autolib_chiffres_2016,
  title={Tableau de bord Autolib’ Metropole},
  howpublished = {\url{http://www.autolibmetropole.fr/}},
  month = feb,
  year={2016},
}

@inproceedings{chlond_market_2012,
  title={Market potential for electric vehicles from a travel behavior perspective},
  author={Chlond, Bastian and Kagerbauer, Martin and Vortisch, Peter and Wirges, Johannes},
  booktitle={Transportation Research Board 91st Annual Meeting},
  number={12-3306},
  year={2012}
}

@article{pearre_electric_2011,
  title={Electric vehicles: How much range is required for a day’s driving?},
  author={Pearre, Nathaniel S and Kempton, Willett and Guensler, Randall L and Elango, Vetri V},
  journal={Transportation Research Part C: Emerging Technologies},
  volume={19},
  number={6},
  pages={1171--1184},
  year={2011},
  publisher={Elsevier}
}

@misc{bunzeck_preferences_2011,
  title={Preferences of potential users of electric cars related to charging-A survey in eight EU countries},
  author={Bunzeck, I and Feenstra, CFJ and Paukovic, M},
  year={2011},
  publisher={by: Publication date: ECN Policy Studies 22-4-2011}
}

@article{franke_what_2013,
  title={What drives range preferences in electric vehicle users?},
  author={Franke, Thomas and Krems, Josef F},
  journal={Transport Policy},
  volume={30},
  pages={56--62},
  year={2013},
  publisher={Elsevier}
}

@article{franke_experiencing_2012,
	title = {Experiencing range in an electric vehicle: {Understanding} psychological barriers},
	volume = {61},
	number = {3},
	journal = {Applied Psychology},
	author = {Franke, Thomas and Neumann, Isabel and Bühler, Franziska and Cocron, Peter and Krems, Josef F.},
	year = {2012},
	pages = {368--391},
}

@article{dijkstra_1959,
	title = {A note on two problems in connexion with graphs},
	volume = {1},
	number = {1},
	journal = {Numerische Mathematik},
	author = {Dijkstra, E. W.},
	month = dec,
	year = {1959},
	pages = {269--271},
}

@misc{VE_avantages,
	author = {AVEM},
	note = {Avantages du véhicule électrique},
}

@misc{VE_MarketShare2016,
	author = {CCFA},
	note = {Marché automobile - janvier 2016},
}

@book{sperling_two_2009,
	title = {Two billion cars: driving toward sustainability},
	shorttitle = {Two billion cars},
	publisher = {Oxford University Press},
	author = {Sperling, Daniel and Gordon, Deborah},
	year = {2009},
}

@book{ahuja_network_1993,
	address = {Englewood Cliffs, {N.J.}},
	title = {Network flows: theory, algorithms, and applications},
	shorttitle = {Network flows},
	language = {English},
	publisher = {Prentice Hall},
	author = {Ahuja, Ravindra K. and Magnanti, Thomas L. and Orlin, James B.},
	year = {1993}
}

@inproceedings{rickenberg_decision_2013,
  title={A Decision Support System For The Optimization Of Car Sharing Stations},
  author={Rickenberg, Tim A. and Gebhardt, Andreas and Breitner, Michael H.},
  booktitle={ECIS},
  pages={207},
  year={2013},
}

@article{sioui_carsharing_2013,
  title={How carsharing affects the travel behavior of households: a case study of montr{\'e}al, Canada},
  author={Sioui, Louiselle and Morency, Catherine and Tr{\'e}panier, Martin},
  journal={International Journal of Sustainable Transportation},
  volume={7},
  number={1},
  pages={52--69},
  year={2013},
  publisher={Taylor \& Francis},
}

@article{hu_summary_2004,
  title={Summary of travel trends: 2001 national household travel survey},
  author={Hu, Patricia S and Reuscher, Timothy R},
  year={2004},
}

@techreport{frost_strategic_2014,
	author = {Frost and Sullivan},
	title = {Strategic Insight of the Global Carsharing Market},
	year = {2014},
	month = {June},
}

@misc{wikiv,
	author = {wikipedia_electric_car},
	title = {Electric car},
	year = {accessed April 21, 2015)},
	howpublished = "\url{http://en.wikipedia.org/wiki/Electric_car}"
}

@article{shaheen_carsharing_1998,
	title = {Carsharing in {Europe} and {North} {American}: past, present, and future},
	author = {Shaheen, Susan and Sperling, Daniel and Wagner, Conrad},
	year = {1998},
}

@misc{cs_loi_2010,
	title = {{LOI} n$^o$ 2010-788 du 12 juillet 2010 portant engagement national pour l'environnement - {Article} 54},
	urldate = {2015-10-24},
	month = jul,
	year = {2010},
}

@techreport{louvet_enquete_2013,
	title={Enqu{\^e}te nationale sur l’autopartage. L’autopartage comme d{\'e}clencheur d’une mobilit{\'e} alternative {\`a} la voiture particuli{\`e}re, 6T-Bureau de recherche},
	author={Louvet, Nicolas and Godillon, Sylvanie},
	month = jan,
	year = {2013},
}

@article{leclerc_unraveling_2013,
	title = {Unraveling the travel behavior of carsharing members from global positioning system traces},
	number = {2359},
	journal = {Transportation Research Record: Journal of the Transportation Research Board},
	author = {Leclerc, Benoit and Trépanier, Martin and Morency, Catherine},
	year = {2013},
	pages = {59--67},
}

@techreport{modele_deplacement_dreif_2008,
	title = {Documentation détaillée du modèle de déplacements de la {DREIF}},
	author = {Direction régionale de l'équipement},
	month = may,
	year = {2008}
}

@techreport{la_mobilite_2008,
	title = {La mobilité des {Français}, {Panorama} issu de l’enquête nationale transports et déplacements 2008},
	month = dec,
	year = {2010}
}

@inproceedings{danielis_potential_2015,
	title = {The potential demand for carsharing from university students: an {Italian} case study},
	booktitle = {Working paper of SIET 2015},
	author = {Danielis, Romeo and Rotaris, Lucia and Rusich, Andrea and Valeri, Eva and {others}},
	year = {2015},
}

@inproceedings{ion_site_2009,
	title = {Site selection for electric cars of a car-sharing service},
	booktitle = {Proceedings of {EVS}24: {International} {Battery}, {Hybrid} and {Fuel} {Cell} {Electric} {Vehicle} {Symposium} \& {Exhibition}},
	author = {Ion, Luminita and Cucu, Tatiana and Boussier, Jean-Marie and Teng, Fei and Breuil, Dominique},
	year = {2009},
}

@techreport{v-traffic_letat_2014,
	title = {L'état du trafic en {Ile}-de -{France}},
	author = {V-Traffic},
	month = jan,
	year = {2014}
}

@techreport{le_vine_carsharing_2014,
	type = {Scientific {Advisory} {Group} {Report}},
	title = {Carsharing: {Evolution}, {Challenges} and {Opportunities}},
	number = {22th},
	institution = {Centre for Transportation Studies, Imperial College London},
	author = {Le Vine, Scott and Zolfaghari, Alireza and Polak, John},
	month = sep,
	year = {2014}
}

@article{jorge_carsharing_2013,
	title = {Carsharing systems demand estimation and defined operations: a literature review},
	volume = {13},
	shorttitle = {Carsharing systems demand estimation and defined operations},
	number = {3},
	journal = {{EJTIR}},
	author = {Jorge, Diana and Correia, Gon{\textbackslash}ccalo},
	year = {2013},
	pages = {201–220}
}

@misc{matsim_webPage,
	title = {{MATSim}},
	howpublished = {\url{http://www.matsim.org/}},
	note = {Accessed Sept 8, 2015},
}

@article{ciari_estimation_2013,
	title = {Estimation of Carsharing Demand Using an Activity-Based Microsimulation Approach: Model Discussion and Some Results},
	volume = {7},
	shorttitle = {Estimation of Carsharing Demand Using an Activity-Based Microsimulation Approach},
	number = {1},
	journal = {International Journal of Sustainable Transportation},
	author = {Ciari, Francesco and Schuessler, Nadine and Axhausen, Kay W.},
	year = {2013},
	pages = {70–84}
}

@article{stillwater_carsharing_2009,
	title = {Carsharing and the Built Environment},
	volume = {2110},
	doi = {10.3141/2110-04},
	number = {-1},
	journal = {Transportation Research Record: Journal of the Transportation Research Board},
	author = {Stillwater, Tai and Mokhtarian, Patricia and Shaheen, Susan},
	month = dec,
	year = {2009},
	pages = {27--34}
}

@article{zheng_carsharing_2009,
	title = {Carsharing in a university community},
	volume = {2110},
	number = {1},
	journal = {Transportation Research Record: Journal of the Transportation Research Board},
	author = {Zheng, Jie and Scott, Michelle and Rodriguez, Michael and Sierzchula, William and Platz, Dave and Guo, Jessica Y. and Adams, Teresa M.},
	year = {2009},
	pages = {18–26}
}

@article{lane_phillycarshare_2005,
	title = {{PhillyCarShare:} First-year social and mobility impacts of carsharing in Philadelphia, Pennsylvania},
	volume = {1927},
	shorttitle = {{PhillyCarShare}},
	number = {1},
	journal = {Transportation Research Record: Journal of the Transportation Research Board},
	author = {Lane, Clayton},
	year = {2005},
	pages = {158–166},
}

@inproceedings{brook_carsharingstart_2004,
	title = {Carsharing–start up issues and new operational models},
	booktitle = {Transportation Research Board Annual Meeting},
	author = {Brook, David},
	year = {2004}
}

@book{millard_ball_car_sharing_2005,
	title = {Car-Sharing: Where and how it succeeds},
	volume = {108},
	shorttitle = {Car-Sharing},
	publisher = {Transportation Research Board},
	author = {Millard-Ball, Adam},
	year = {2005},
}

@article{burkhardt_who_2006,
	title = {Who is attracted to carsharing?},
	volume = {1986},
	number = {1},
	journal = {Transportation Research Record: Journal of the Transportation Research Board},
	author = {Burkhardt, Jon E. and Millard-Ball, Adam},
	year = {2006},
	pages = {98–105},
}

@article{cervero_city_2003,
	title = {City {CarShare:} First-year travel demand impacts},
	volume = {1839},
	shorttitle = {City {CarShare}},
	number = {1},
	journal = {Transportation Research Record: Journal of the Transportation Research Board},
	author = {Cervero, Robert},
	year = {2003},
	pages = {159–166}
}

@article{cohen_carsharing_2008,
	title = {Carsharing: A Guide for Local Planners},
	journal={Institute of Transportation Studies},
	author = {Cohen, Adam P. and Shaheen, Susan and McKenzie, Ryan},
	month = dec,
	year = {2008},
	keywords = {Engineering, {UCD-ITS-RP-08-16}}
}

@article{firnkorn_what_2011,
	title = {What will be the environmental effects of new free-floating car-sharing systems? The case of car2go in Ulm},
	volume = {70},
	shorttitle = {What will be the environmental effects of new free-floating car-sharing systems?},
	number = {8},
	journal = {Ecological Economics},
	author = {Firnkorn, Jörg and Müller, Martin},
	year = {2011},
	pages = {1519–1528},
}

@article{martin_greenhouse_2011,
	title = {Greenhouse gas emission impacts of carsharing in North America},
	volume = {12},
	number = {4},
	journal = {Intelligent Transportation Systems, {IEEE} Transactions on},
	author = {Martin, Elliot W and Shaheen, Susan A},
	year = {2011},
	pages = {1074–1086}
}

@article{ter_schure_cumulative_2012,
	title = {Cumulative impacts of carsharing and unbundled parking on vehicle ownership and mode choice},
	volume = {2319},
	number = {1},
	journal = {Transportation Research Record: Journal of the Transportation Research Board},
	author = {Ter Schure, Jessica and Napolitan, Francesca and Hutchinson, Rick},
	year = {2012},
	pages = {96–104}
}

@article{martin_impact_2010,
	title = {Impact of carsharing on household vehicle holdings},
	volume = {2143},
	number = {1},
	journal = {Transportation Research Record: Journal of the Transportation Research Board},
	author = {Martin, Elliot and Shaheen, Susan A. and Lidicker, Jeffrey},
	year = {2010},
	pages = {150–158}
}

@techreport{transflash_2013,
	type = {Bulletin d'information},
	title = {Transflash - Bulletin d'information des déplacements urbains départementaux et régionaux},
	number = {380},
	institution = {Certu},
	month = mar,
	year = {2013},
}

@article{schuster_assessing_2005,
	title = {Assessing the Potential Extent of Carsharing: A New Method and Its Implications},
	volume = {1927},
	shorttitle = {Assessing the Potential Extent of Carsharing},
	doi = {10.3141/1927-20},
	journal = {Transportation Research Record: Journal of the Transportation Research Board},
	author = {Schuster, Thomas and Byrne, John and Corbett, James and Schreuder, Yda},
	month = {jan},
	year = {2005},
	pages = {174--181}
}

@inproceedings{efthymiou_which_2012,
	title = {Which Factors Affect the Willingness to Join Vehicle Sharing Systems? Evidence from Young Greek Drivers},
	booktitle={Transportation Research Board 91st Annual Meeting},
	number={12-1076},
	shorttitle = {Which Factors Affect the Willingness to Join Vehicle Sharing Systems?},
	author = {Efthymiou, Dimitrios and Antoniou, Constantinos and Waddell, Paul},
	month = jan,
	year = {2012},
	address = {Washington, {DC}}
}

@article{costain_synopsis_2012,
	title = {Synopsis of users’ behaviour of a carsharing program: A case study in Toronto},
	volume = {46},
	issn = {0965-8564},
	shorttitle = {Synopsis of users’ behaviour of a carsharing program},
	doi = {10.1016/j.tra.2011.11.005},
	number = {3},
	journal = {Transportation Research Part A: Policy and Practice},
	author = {Costain, Cindy and Ardron, Carolyn and Habib, Khandker Nurul},
	month = mar,
	year = {2012},
	pages = {421--434},
}

@article{barth_shared_use_2002,
	title = {Shared-use vehicle systems: Framework for classifying carsharing, station cars, and combined approaches},
	volume = {1791},
	shorttitle = {Shared-use vehicle systems},
	number = {1},
	journal = {Transportation Research Record: Journal of the Transportation Research Board},
	author = {Barth, Matthew and Shaheen, Susan A.},
	year = {2002},
	pages = {105–112}
}

@article{prettenthaler_ownership_1999,
	title = {From ownership to service use lifestyle: the potential of car sharing},
	volume = {28},
	shorttitle = {From ownership to service use lifestyle},
	number = {3},
	journal = {Ecological Economics},
	author = {Prettenthaler, Franz E. and Steininger, Karl W.},
	year = {1999},
	pages = {443–453}
}

@article{litman_evaluating_2000,
	title = {Evaluating carsharing benefits},
	volume = {1702},
	number = {1},
	journal = {Transportation Research Record: Journal of the Transportation Research Board},
	author = {Litman, Todd},
	year = {2000},
	pages = {31–35}
}

@article{shaheen_short_1999,
	title = {A Short History of Carsharing in the 90's},
	journal = {Institute of Transportation Studies},
	author = {Shaheen, Susan A. and Sperling, Daniel and Wagner, Conrad},
	month = sep,
	year = {1999},
}

@book{mitchell_reinventing_2010,
	title = {Reinventing the automobile: Personal urban mobility for the 21st century},
	shorttitle = {Reinventing the automobile},
	publisher = {{MIT} Press},
	author = {Mitchell, William J.},
	urldate = {2013-10-24},
	year = {2010}
}

------------------------------------
--- entrees non encore utilisees ---
------------------------------------

@incollection{carlier_overview_2014a,
	title = {An {Overview} of {Multimodal} {Transport} {Design} and {Challenges} {Underlined} by a {Carsharing} {Case} {Study}},
	copyright = {©2015 Springer International Publishing Switzerland},
	isbn = {978-3-319-11616-7 978-3-319-11617-4},
	booktitle = {Complex {Systems} {Design} \& {Management}},
	publisher = {Springer International Publishing},
	author = {Carlier, Aurélien and Tschirhart, Fabien and Silva, Frédéric Da and Stephan, François and Thoni, Olivier and Munier-Kordon, Alix and Abid, Manel and Scremin, Lionel and Couturier, Ludovic},
	year = {2014},
	pages = {257--268},
}

@inproceedings{carlier_optimization_2014b,
	author = {Carlier, Aurélien and Munier-Kordon, Alix and Klaudel, Witold},
	title = {Optimization of a one-way carsharing system with relocation operations},
	volume = {},
	booktitle = {10th International Conference on Modeling, Optimization and Simulation, MOSIM},
	month = {nov},
	year = {2014},
}

@article{krumke_relocation_2013,
	title = {Relocation in Carsharing Systems using Flows in Time-Expanded Networks},
	author = {Krumke, Sven O. and Quilliot, Alain and Wagler, Annegret K. and Wegener, Jan-Thierry},
	year = {2013},
	month = nov,
}











@article{barth_simulation_1999,
	title = {Simulation model performance analysis of a multiple station shared vehicle system},
	volume = {7},
	issn = {0968-{090X}},
	doi = {10.1016/S0968-090X(99)00021-2},
	number = {4},
	journal = {Transportation Research Part C: Emerging Technologies},
	author = {Barth, Matthew and Todd, Michael},
	month = aug,
	year = {1999},
	pages = {237--259}
}

@inproceedings{barth_user_based_2004,
	address = {Washington, {DC}},
	title = {User-Based Vehicle Relocation Techniques for Multiple-Station Shared-Use Vehicle Systems},
	booktitle = {Transportation Research Board 83rd Annual Meeting},
	author = {Barth, Matthew and Todd, Michael and Xue, Lei},
	month = jan,
	year = {2004}
}





@article{chan_ridesharing_2012,
	title = {Ridesharing in north america: Past, present, and future},
	volume = {32},
	shorttitle = {Ridesharing in north america},
	number = {1},
	journal = {Transport Reviews},
	author = {Chan, Nelson D. and Shaheen, Susan A.},
	year = {2012},
	pages = {93–112}
}



@article{correia_carpooling_2011,
	title = {Carpooling and carpool clubs: Clarifying concepts and assessing value enhancement possibilities through a Stated Preference web survey in Lisbon, Portugal},
	volume = {45},
	issn = {0965-8564},
	shorttitle = {Carpooling and carpool clubs},
	doi = {10.1016/j.tra.2010.11.001},
	number = {2},
	journal = {Transportation Research Part A: Policy and Practice},
	author = {Correia, Gonçalo and Viegas, José Manuel},
	month = feb,
	year = {2011},
	pages = {81--90}
}

@article{correia_optimization_2012,
	title = {Optimization approach to depot location and trip selection in one-way carsharing systems},
	volume = {48},
	issn = {1366-5545},
	doi = {10.1016/j.tre.2011.06.003},
	number = {1},
	journal = {Transportation Research Part E: Logistics and Transportation Review},
	author={Correia, Gon{\c{c}}alo Homem de Almeida and Antunes, Ant{\'o}nio Pais},
	month = jan,
	year = {2012},
	pages = {233--247},
	publisher={Elsevier}
}

@article{johnson_finding_1975,
  title={Finding all the elementary circuits of a directed graph},
  author={Johnson, Donald B},
  journal={SIAM Journal on Computing},
  volume={4},
  number={1},
  pages={77--84},
  year={1975},
  publisher={SIAM}
}

@article{melaina_initiating_2003,
  title={Initiating hydrogen infrastructures: preliminary analysis of a sufficient number of initial hydrogen stations in the US},
  author={Melaina, Marc W},
  journal={International Journal of Hydrogen Energy},
  volume={28},
  number={7},
  pages={743--755},
  year={2003},
  publisher={Elsevier}
}

@article{george_fleet_2011,
  title={Fleet-sizing and service availability for a vehicle rental system via closed queueing networks},
  author={George, David K and Xia, Cathy H},
  journal={European Journal of Operational Research},
  volume={211},
  number={1},
  pages={198--207},
  year={2011},
  publisher={Elsevier}
}

@inproceedings{liu_survey_2011,
  title={A survey of PEV impacts on electric utilities},
  author={Liu, Ryan and Dow, Luther and Liu, Edwin},
  booktitle={Innovative Smart Grid Technologies (ISGT), 2011 IEEE PES},
  pages={1--8},
  year={2011},
  organization={IEEE}
}

@article{bruglieri_vehicle_2014,
	series = {16th {Meeting} of the {Euro} {Working} {Group} on {Transportation} – {Porto} 2013},
	title = {The {Vehicle} {Relocation} {Problem} for the {One}-way {Electric} {Vehicle} {Sharing}: {An} {Application} to the {Milan} {Case}},
	volume = {111},
	issn = {1877-0428},
	shorttitle = {The {Vehicle} {Relocation} {Problem} for the {One}-way {Electric} {Vehicle} {Sharing}},
	journal = {Procedia - Social and Behavioral Sciences},
	author = {Bruglieri, Maurizio and Colorni, Alberto and Luè, Alessandro},
	month = feb,
	year = {2014},
	pages = {18--27},
}

@article{boyaci_optimization_2015,
  title={An optimization framework for the development of efficient one-way car-sharing systems},
  author={Boyac{\i}, Burak and Zografos, Konstantinos G and Geroliminis, Nikolas},
  journal={European Journal of Operational Research},
  volume={240},
  number={3},
  pages={718--733},
  year={2015},
  publisher={Elsevier}
}

@article{touati_combinatorial_2012,
  title={Combinatorial optimization for electric vehicles management},
  author={Touati-Moungla, Nora and Jost, Vincent},
  journal={Journal of Energy and Power Engineering},
  volume={6},
  number={5},
  pages={738--743},
  year={2012},
  publisher={David Publishing Company, 1840 Industrial Drive Suite 160 Libertyville Illinois 60048 United States}
}

@inproceedings{artmeier_optimal_2010,
  title={The optimal routing problem in the context of battery-powered electric vehicles},
  author={Artmeier, Andreas and Haselmayr, Julian and Leucker, Martin and Sachenbacher, Martin},
  booktitle={Workshop CROCS at CPAIOR-10, 2nd International Workshop on Constraint Reasoning and Optimization for Computational Sustainability},
  year={2010}
}

@manual{livre_vert_2014,
title = {Livre vert sur les infrastructures de recharge ouvertes au public pour les véhicules  décarbonés},
author = {Ministère de l'écologie du développement durable et de l'énergie},
month = {Décembre},
year = {2014},
}

@techreport{duron_analysis_2000,
	type = {report},
	title = {Analysis of the {Balancing} {Process} in a {Pool} of {Self}-{Service} cars},
	institution = {INRIA},
	author = {Duron, Cyril and Parent, Michel and Proth, Jean-Marie},
	year = {2000},
	pages = {19},
}

@inproceedings{fan_optimizing_2014,
  title={Optimizing Strategic Allocation of Vehicles for One-Way Car-sharing Systems Under Demand Uncertainty},
  author={Fan, Wei David},
  booktitle={Journal of the Transportation Research Forum},
  volume={53},
  number={3},
  pages={7--20},
  year={2014}
}

@article{fan_carsharing_2008,
	title = {Carsharing: Dynamic decision-making problem for vehicle allocation},
	volume = {2063},
	shorttitle = {Carsharing},
	number = {1},
	journal = {Transportation Research Record: Journal of the Transportation Research Board},
	author = {Fan, Wei (David) and Machemehl, Randy B. and Lownes, Nicholas E.},
	year = {2008},
	pages = {97–104},
}



@article{kek_relocation_2006,
	title = {Relocation simulation model for multiple-station shared-use vehicle systems},
	volume = {1986},
	number = {1},
	journal = {Transportation Research Record: Journal of the Transportation Research Board},
	author = {Kek, Alvina GH and Cheu, Ruey Long and Chor, Miaw Ling},
	year = {2006},
	pages = {81–88}
}

@article{kek_decision_2009,
	title = {A decision support system for vehicle relocation operations in carsharing systems},
	volume = {45},
	number = {1},
	journal = {Transportation Research Part E: Logistics and Transportation Review},
	author = {Kek, Alvina GH and Cheu, Ruey Long and Meng, Qiang and Fung, Chau Ha},
	year = {2009},
	pages = {149–158}
}





@article{nair_fleet_2011,
	title = {Fleet management for vehicle sharing operations},
	volume = {45},
	number = {4},
	journal = {Transportation Science},
	author = {Nair, Rahul and Miller-Hooks, Elise},
	year = {2011},
	pages = {524–540}
}

@article{smith_rebalancing_2013,
	title = {Rebalancing the rebalancers: Optimally routing vehicles and drivers in mobility-on-demand systems},
	shorttitle = {Rebalancing the rebalancers},
	journal = {{arXiv} preprint {arXiv:1303.3522}},
	author = {Smith, Stephen L. and Pavone, Marco and Schwager, Mac and Frazzoli, Emilio and Rus, Daniela},
	year = {2013}
}









@article{jorge_testing_2012,
	title = {Testing the Validity of the {MIP} Approach for Locating Carsharing Stations in One-way Systems},
	volume = {54},
	issn = {1877-0428},
	doi = {10.1016/j.sbspro.2012.09.733},
	journal = {Procedia - Social and Behavioral Sciences},
	author = {Jorge, Diana and Correia, Gonçalo and Barnhart, Cynthia},
	month = oct,
	year = {2012},
	pages = {138--148}
}

@inproceedings{wang_dynamic_2010,
	title = {Dynamic Relocating Vehicle Resources Using a Microscopic Traffic Simulation Model for Carsharing Services},
	volume = {1},
	booktitle = {Computational Science and Optimization ({CSO)}, 2010 Third International Joint Conference on},
	author = {Wang, Hao and Cheu, Ruey and Lee, Der-Horng},
	year = {2010},
	pages = {108–111}
}

@misc{zipcar_website,
	howpublished = {Zipcar website: \url{http://www.zipcar.com/press/overview}, accessed october 24, 2015}
}

@misc{glpk_webPage,
	title = {{GLPK} - {GNU} Linear Programming Kit},
	howpublished = {\url{http://www.gnu.org/software/glpk/}},
	note = {Accessed June 19, 2014},
}

@misc{ampl_webPage,
	title = {{AMPL}},
	howpublished = {\url{http://ampl.com/}},
	note = {Accessed June 19, 2014},
}

@article{tatiana_cucu_management_2009,
	title = {Management of a public transportation service: Car-sharing service},
	shorttitle = {Management of a public transportation service},
	author = {Cucu, T. and Ion, L. and Ducq, Y. and Boussier, J.M.},
	year = {2009},
}
















@article{parpaleaParametric_2011,
	title = {A Parametric Approach to the Bi-criteria Minimum Cost Dynamic Flow Problem},
	volume = {01},
	issn = {2161-7635, 2161-7643},
	doi = {10.4236/ojdm.2011.13015},
	number = {03},
	journal = {Open Journal of Discrete Mathematics},
	author = {Parpalea, Mircea},
	year = {2011},
	pages = {116--126},
}